% Encoding: UTF-8

@Electronic{sleepandroid,
  author       = {{Urbandroid Team}},
  year         = {2016},
  title        = {Sleep as Android},
  howpublished = {PlayStore},
  organization = {Urbandroid Team},
  url          = {http://sleep.urbandroid.org/},
}

@Electronic{mega,
  author       = {{{MEGA Sync}}},
  year         = {2016},
  title        = {MEGA Sync},
  organization = {MEGA},
  note         = {Used to reference MegaSync as my online sync and backup utility.},
  url          = {https://mega.nz},
  urldate      = {2016-10-20},
}

@Electronic{brightonlogo,
  author       = {{Brighton Univeristy}},
  year         = {2016},
  title        = {Brighton University Logo},
  organization = {Brighton University},
  note         = {Used on the cover page.},
  url          = {http://cms.gravesjenkins.com/attachments/news/5589584/c37b6e27-ebf2-4f95-a802-06bf447c4e4a-light.jpg},
  urldate      = {2016-10-20},
}

@Electronic{androidversion,
  author   = {Android},
  month    = oct,
  year     = {2016},
  title    = {Dashboards},
  language = {English},
  note     = {Used to obtain version usage statistics for the Android platform to ensure I am developing for a majority share.},
  url      = {https://developer.android.com/about/dashboards/index.html},
  urldate  = {2016-10-28},
}

@Electronic{androiddesign,
  author   = {Android},
  month    = oct,
  year     = {2016},
  title    = {Design},
  language = {English},
  note     = {Used for design guidlines for the UI devlopment for the Android ecosystem.},
  url      = {https://developer.android.com/design/index.html},
  urldate  = {2016-10-28},
}

@Comment{jabref-meta: databaseType:bibtex;}
